<?xml version="1.0" encoding="UTF-8"?><collection xmlns="http://www.loc.gov/MARC21/slim"><record><leader>00407nam--2200133-i-4500</leader><controlfield tag="001">000028483</controlfield><controlfield tag="002">20161230</controlfield><controlfield tag="005">20161230201037</controlfield><controlfield tag="008">060222s1000------------r-----000-0-eng-d</controlfield><datafield ind1=" " ind2=" " tag="080"><subfield code="a">621.3.049.75(035.5)</subfield></datafield><datafield ind1=" " ind2=" " tag="100"><subfield code="a">Leonida, Giovanni</subfield></datafield><datafield ind1=" " ind2=" " tag="245"><subfield code="a">Handbook of printed circuit design, manufacture, components &amp; assembly</subfield></datafield><datafield ind1=" " ind2=" " tag="260"><subfield code="a">Scotland, Electrochemical Publ.Lim., 1981, Xvii + 569p.+ Dif.P</subfield></datafield><datafield ind1=" " ind2=" " tag="852"><subfield code="a">49258</subfield></datafield></record></collection>